<record><leader>00000cas a2200000 a 4500</leader><controlfield tag="001">13778104</controlfield><controlfield tag="008">860625d18751uuumiusr ne      0   a0eng c</controlfield><datafield ind1=" " ind2=" " tag="010"><subfield code="a">sn 98058053 </subfield><subfield code="z">sn 97063440 </subfield></datafield><datafield ind1=" " ind2=" " tag="040"><subfield code="a">EEM</subfield><subfield code="b">eng</subfield><subfield code="c">EEM</subfield><subfield code="d">MHN</subfield><subfield code="d">DLC</subfield><subfield code="d">OCL</subfield><subfield code="d">OCLCQ</subfield><subfield code="d">UKMGB</subfield><subfield code="d">OCLCQ</subfield><subfield code="d">OCLCF</subfield><subfield code="d">OCLCO</subfield><subfield code="d">DLC</subfield></datafield><datafield ind1="7" ind2=" " tag="016"><subfield code="a">013906943</subfield><subfield code="2">Uk</subfield></datafield><datafield ind1=" " ind2=" " tag="019"><subfield code="a">35294745</subfield></datafield><datafield ind1="0" ind2=" " tag="022"><subfield code="a">2470-8577</subfield><subfield code="2">1</subfield></datafield><datafield ind1=" " ind2=" " tag="042"><subfield code="a">pcc</subfield><subfield code="a">nsdp</subfield></datafield><datafield ind1=" " ind2=" " tag="043"><subfield code="a">n-us-mi</subfield></datafield><datafield ind1="1" ind2="0" tag="050"><subfield code="a">ISSN RECORD</subfield></datafield><datafield ind1="1" ind2="0" tag="082"><subfield code="a">630</subfield><subfield code="2">23</subfield></datafield><datafield ind1="0" ind2=" " tag="130"><subfield code="a">Grange visitor (Schoolcraft, Mich. : Print)</subfield></datafield><datafield ind1=" " ind2="4" tag="222"><subfield code="a">The grange visitor</subfield><subfield code="b">(Schoolcraft, Mich. Print)</subfield></datafield><datafield ind1="1" ind2="4" tag="245"><subfield code="a">The grange visitor.</subfield></datafield><datafield ind1=" " ind2=" " tag="260"><subfield code="a">Schoolcraft, Mich. :</subfield><subfield code="b">Patrons of Husbandry, Michigan State Grange,</subfield><subfield code="c">1875-</subfield></datafield><datafield ind1=" " ind2=" " tag="300"><subfield code="a">v.</subfield></datafield><datafield ind1=" " ind2=" " tag="310"><subfield code="a">Semimonthly</subfield></datafield><datafield ind1="0" ind2=" " tag="362"><subfield code="a">vol. 1, no. 3 (1875)-</subfield></datafield><datafield ind1=" " ind2=" " tag="500"><subfield code="a">Published at Schoolcraft, Mich., &lt;1883-1885&gt;; at Coldwater, Mich., &lt;1886-1887&gt;</subfield></datafield><datafield ind1=" " ind2=" " tag="515"><subfield code="a">Issues for &lt;Mar. 15, 1881-&gt; called also &lt;whole no. 101-&gt;</subfield></datafield><datafield ind1=" " ind2="0" tag="650"><subfield code="a">Agriculture</subfield><subfield code="v">Newspapers.</subfield></datafield><datafield ind1=" " ind2="0" tag="651"><subfield code="a">Schoolcraft (Mich.)</subfield><subfield code="v">Newspapers.</subfield></datafield><datafield ind1=" " ind2="0" tag="651"><subfield code="a">Coldwater (Mich.)</subfield><subfield code="v">Newspapers.</subfield></datafield><datafield ind1=" " ind2="0" tag="651"><subfield code="a">Branch County (Mich.)</subfield><subfield code="v">Newspapers.</subfield></datafield><datafield ind1=" " ind2="0" tag="651"><subfield code="a">Kalamazoo County (Mich.)</subfield><subfield code="v">Newspapers.</subfield></datafield><datafield ind1=" " ind2="7" tag="650"><subfield code="a">Agriculture.</subfield><subfield code="2">fast</subfield><subfield code="0">(OCoLC)fst00801355</subfield></datafield><datafield ind1=" " ind2="7" tag="651"><subfield code="a">Michigan</subfield><subfield code="z">Branch County.</subfield><subfield code="2">fast</subfield><subfield code="0">(OCoLC)fst01214762</subfield></datafield><datafield ind1=" " ind2="7" tag="651"><subfield code="a">Michigan</subfield><subfield code="z">Coldwater.</subfield><subfield code="2">fast</subfield><subfield code="0">(OCoLC)fst01217192</subfield></datafield><datafield ind1=" " ind2="7" tag="651"><subfield code="a">Michigan</subfield><subfield code="z">Kalamazoo County.</subfield><subfield code="2">fast</subfield><subfield code="0">(OCoLC)fst01204722</subfield></datafield><datafield ind1=" " ind2="7" tag="651"><subfield code="a">Michigan</subfield><subfield code="z">Schoolcraft.</subfield><subfield code="2">fast</subfield><subfield code="0">(OCoLC)fst01220583</subfield></datafield><datafield ind1=" " ind2="7" tag="655"><subfield code="a">Newspapers.</subfield><subfield code="2">fast</subfield><subfield code="0">(OCoLC)fst01423814</subfield></datafield><datafield ind1=" " ind2=" " tag="752"><subfield code="a">United States</subfield><subfield code="b">Michigan</subfield><subfield code="c">Branch</subfield><subfield code="d">Schoolcraft.</subfield></datafield><datafield ind1=" " ind2=" " tag="752"><subfield code="a">United States</subfield><subfield code="b">Michigan</subfield><subfield code="c">Kalamazoo</subfield><subfield code="d">Coldwater.</subfield></datafield><datafield ind1="0" ind2="8" tag="776"><subfield code="i">Online version:</subfield><subfield code="t">Grange visitor (Schoolcraft, Mich. : Online)</subfield><subfield code="x">2470-8585</subfield><subfield code="w">(DLC)  2016201799</subfield><subfield code="w">(OCoLC)908861026</subfield></datafield><datafield ind1="0" ind2="0" tag="780"><subfield code="t">Circular of the Executive committee of the Michigan State Grange</subfield></datafield><datafield ind1=" " ind2=" " tag="936"><subfield code="a">INC</subfield></datafield><datafield ind1="1" ind2=" " tag="029"><subfield code="a">AU@</subfield><subfield code="b">000025925530</subfield></datafield></record>